@article{yu2018deepsolar,
  title={DeepSolar: A machine learning framework to efficiently construct a solar deployment database in the United States},
  author={Yu, Jiafan and Wang, Zhecheng and Majumdar, Arun and Rajagopal, Ram},
  journal={Joule},
  volume={2},
  number={12},
  pages={2605--2617},
  year={2018},
  publisher={Elsevier}
}

@inproceedings{yuan2016large,
  title={Large-scale solar panel mapping from aerial images using deep convolutional networks},
  author={Yuan, Jiangye and Yang, Hsiu-Han Lexie and Omitaomu, Olufemi A and Bhaduri, Budhendra L},
  booktitle={2016 IEEE International Conference on Big Data (Big Data)},
  pages={2703--2708},
  year={2016},
  organization={IEEE}
}

@article{malof2016automatic,
  title={Automatic detection of solar photovoltaic arrays in high resolution aerial imagery},
  author={Malof, Jordan M and Bradbury, Kyle and Collins, Leslie M and Newell, Richard G},
  journal={Applied energy},
  volume={183},
  pages={229--240},
  year={2016},
  publisher={Elsevier}
}

@inproceedings{malof2016deep,
  title={A deep convolutional neural network and a random forest classifier for solar photovoltaic array detection in aerial imagery},
  author={Malof, Jordan M and Collins, Leslie M and Bradbury, Kyle and Newell, Richard G},
  booktitle={2016 IEEE International Conference on Renewable Energy Research and Applications (ICRERA)},
  pages={650--654},
  year={2016},
  organization={IEEE}
}

@article{bradbury2016distributed,
  title={Distributed solar photovoltaic array location and extent dataset for remote sensing object identification},
  author={Bradbury, Kyle and Saboo, Raghav and Johnson, Timothy L and Malof, Jordan M and Devarajan, Arjun and Zhang, Wuming and Collins, Leslie M and Newell, Richard G},
  journal={Scientific data},
  volume={3},
  number={1},
  pages={1--9},
  year={2016},
  publisher={Nature Publishing Group}
}

@article{hou2019solarnet,
  title={SolarNet: A Deep Learning Framework to Map Solar Power Plants In China From Satellite Imagery},
  author={Hou, Xin and Wang, Biao and Hu, Wanqi and Yin, Lei and Wu, Haishan},
  journal={arXiv preprint arXiv:1912.03685},
  year={2019}
}

@inproceedings{ronneberger2015u,
  title={U-net: Convolutional networks for biomedical image segmentation},
  author={Ronneberger, Olaf and Fischer, Philipp and Brox, Thomas},
  booktitle={International Conference on Medical image computing and computer-assisted intervention},
  pages={234--241},
  year={2015},
  organization={Springer}
}

@article{badrinarayanan2017segnet,
  title={Segnet: A deep convolutional encoder-decoder architecture for image segmentation},
  author={Badrinarayanan, Vijay and Kendall, Alex and Cipolla, Roberto},
  journal={IEEE transactions on pattern analysis and machine intelligence},
  volume={39},
  number={12},
  pages={2481--2495},
  year={2017},
  publisher={IEEE}
}

@article{camilo2018application,
  title={Application of a semantic segmentation convolutional neural network for accurate automatic detection and mapping of solar photovoltaic arrays in aerial imagery},
  author={Camilo, Joseph and Wang, Rui and Collins, Leslie M and Bradbury, Kyle and Malof, Jordan M},
  journal={arXiv preprint arXiv:1801.04018},
  year={2018}
}

@inproceedings{bischke2019multi,
  title={Multi-task learning for segmentation of building footprints with deep neural networks},
  author={Bischke, Benjamin and Helber, Patrick and Folz, Joachim and Borth, Damian and Dengel, Andreas},
  booktitle={2019 IEEE International Conference on Image Processing (ICIP)},
  pages={1480--1484},
  year={2019},
  organization={IEEE}
}

@article{kingma2014adam,
  title={Adam: A method for stochastic optimization},
  author={Kingma, Diederik P and Ba, Jimmy},
  journal={arXiv preprint arXiv:1412.6980},
  year={2014}
}

@inproceedings{kendall2018multi,
  title={Multi-task learning using uncertainty to weigh losses for scene geometry and semantics},
  author={Kendall, Alex and Gal, Yarin and Cipolla, Roberto},
  booktitle={Proceedings of the IEEE conference on computer vision and pattern recognition},
  pages={7482--7491},
  year={2018}
}

@inproceedings{szegedy2016rethinking,
  title={Rethinking the inception architecture for computer vision},
  author={Szegedy, Christian and Vanhoucke, Vincent and Ioffe, Sergey and Shlens, Jon and Wojna, Zbigniew},
  booktitle={Proceedings of the IEEE conference on computer vision and pattern recognition},
  pages={2818--2826},
  year={2016}
}

@inproceedings{li2019understanding,
  title={Understanding the disharmony between dropout and batch normalization by variance shift},
  author={Li, Xiang and Chen, Shuo and Hu, Xiaolin and Yang, Jian},
  booktitle={Proceedings of the IEEE Conference on Computer Vision and Pattern Recognition},
  pages={2682--2690},
  year={2019}
}

@article{ioffe2015batch,
  title={Batch normalization: Accelerating deep network training by reducing internal covariate shift},
  author={Ioffe, Sergey and Szegedy, Christian},
  journal={arXiv preprint arXiv:1502.03167},
  year={2015}
}

@article{srivastava2014dropout,
  title={Dropout: a simple way to prevent neural networks from overfitting},
  author={Srivastava, Nitish and Hinton, Geoffrey and Krizhevsky, Alex and Sutskever, Ilya and Salakhutdinov, Ruslan},
  journal={The journal of machine learning research},
  volume={15},
  number={1},
  pages={1929--1958},
  year={2014},
  publisher={JMLR. org}
}

@online{usuyama2018unet,
    title={UNet/FCN PyTorch},
    author={Usuyama, Naoto},
    year={2018},
    url={https://github.com/usuyama/pytorch-unet}
}

@article{dutta2019vgg,
  title={The VGG image annotator (VIA)},
  author={Dutta, Abhishek and Zisserman, Andrew},
  journal={arXiv preprint arXiv:1904.10699},
  year={2019}
}